<?xml version="1.0" encoding="UTF-8"?><collection xmlns="http://www.loc.gov/MARC21/slim"><record><leader>00381nam--2200133-i-4500</leader><controlfield tag="001">000039228</controlfield><controlfield tag="002">20161230</controlfield><controlfield tag="005">20161230201042</controlfield><controlfield tag="008">060222s1000------------r-----000-0-eng-d</controlfield><datafield ind1=" " ind2=" " tag="080"><subfield code="a">530.145</subfield></datafield><datafield ind1=" " ind2=" " tag="100"><subfield code="a">Robinson, Derek W</subfield></datafield><datafield ind1=" " ind2=" " tag="245"><subfield code="a">Statistical mechanics of quantum mechanical particles with hard cores</subfield></datafield><datafield ind1=" " ind2=" " tag="260"><subfield code="a">Marsille, Centre De Physique Theorique, 1969, 29p</subfield></datafield><datafield ind1=" " ind2=" " tag="852"><subfield code="a">31550</subfield></datafield></record></collection>